@techreport{got,
title = {Game of Thrones},
	author = {Wikipedia},
	year = {2023},
url = {https://en.wikipedia.org/wiki/Game_of_Thrones#Premise},
}
